2221 3481
285 352 451 379 rursum
484 339 575 378 viso
611 337 795 379 Caesare
829 338 1068 393 trepidare:
1104 353 1290 380 murmur
1324 340 1545 389 incertum,
1597 342 1718 379 atrox
1757 337 1914 378 clamor
1948 340 1990 377 et

284 415 462 464 repente
496 410 636 464 quies;
672 411 789 461 4‚51:
824 410 944 450 miles
973 414 1115 450 contra
1142 410 1368 451 deturbare
1393 411 1501 461 telis,
1534 410 1695 464 pellere
1724 408 1990 460 umbonibus,

286 482 464 521 muralia
497 481 594 535 pila,
627 486 852 535 congestas
886 481 1071 535 lapidum
1109 482 1239 522 moles
1273 482 1524 536 provolvere
1562 516 1567 522 .
1608 519 1610 521 ,
1652 518 1655 520 .
1695 481 1842 520 incerti
1867 480 1992 531 ictus,

285 553 458 593 volnera
491 553 739 607 improvisa3
778 553 926 603 1537:
960 553 1042 592 iam
1075 558 1222 607 gestus
1256 557 1478 607 motusque
1530 553 1702 593 obsceni
1737 556 1778 591 et
1814 551 1989 591 circum-

292 624 403 664 iecta
435 628 549 664 tecta
576 636 808 664 consonare
832 628 958 664 cantu
997 630 1038 663 et
1061 624 1290 664 luminibus
1331 624 1584 673 clarescertx
1622 624 1740 675 6,17:
1775 623 1834 662 ita
1856 622 1990 677 primo

289 695 552 736 concursatio
587 702 628 734 et
662 708 825 748 preces,
859 694 1013 735 deinde
1048 699 1240 749 strepere
1274 696 1482 749 praetoris
1516 694 1698 734 tribunal
1719 707 1855 749 caque
1880 705 1990 748 quae

289 765 476 807 remedio
512 766 717 820 quaesita,
752 765 938 806 venditio
973 772 1015 806 et
1049 767 1220 820 emptiO,
1254 767 1292 806 iu
1329 767 1582 807 contrarium
1617 765 1791 817 mutari3
1830 764 1881 816 Π,
1910 765 1990 804 41:

289 838 600 878 circumsistere
635 837 704 877 alii
738 838 857 891 signa
891 851 978 889 sua,
1012 850 1217 892 quaerere
1252 838 1346 888 aliiss,
1389 839 1573 877 incertus
1608 837 1794 892 undique
1829 836 1988 876 clamor

289 909 619 960 adcurrentium,
653 909 941 948 vocitantium.

432 979 602 1020 Diversi
637 980 689 1020 ab
724 979 788 1020 his
823 980 937 1030 locis,
994 979 1144 1033 quibus
1179 980 1268 1020 sive
1304 980 1479 1020 verbum
1514 978 1851 1034 praedicativum
1885 993 1980 1033 sup-

289 1051 487 1106 plendum
522 1058 585 1091 est
621 1052 710 1091 sive
766 1064 918 1091 nomen
963 1050 1080 1091 verbi
1135 1051 1272 1090 vicem
1326 1051 1503 1099 obtinet,
1558 1058 1652 1091 sunt
1702 1050 1784 1101 alii,
1838 1049 1991 1105 quibus

291 1121 463 1162 Tacitus
498 1122 742 1177 exemplum
776 1121 949 1162 Sallusti
984 1121 1053 1173 (de
1089 1121 1126 1161 bv
1154 1122 1242 1176 lug.
1287 1124 1385 1161 101:
1421 1127 1509 1161 tum
1544 1121 1831 1176 spectaculum
1856 1121 1987 1162 horri-

291 1194 373 1234 bile
407 1194 446 1233 in
482 1194 640 1248 campis
677 1193 942 1247 patentibus:
978 1194 1100 1248 sequi
1136 1193 1295 1247 fugere,
1329 1193 1461 1234 occidi
1495 1192 1606 1247 capi)
1645 1193 1830 1233 imitatus
1856 1193 1987 1233 nomi-

290 1266 454 1305 nativos
490 1265 705 1306 absolutos
756 1264 972 1304 infinitivis
1025 1265 1259 1319 permixtos
1302 1265 1391 1305 loeo
1448 1265 1659 1304 nominum
1710 1263 1888 1304 subiecti
1940 1263 2011 1303 ad

294 1336 555 1390 praecedens
590 1349 738 1376 nomen
776 1335 1009 1390 praedicati
1047 1335 1188 1375 adicit.

436 1407 498 1447 (Ὺ.
536 1408 573 1447 Α
608 1408 680 1447 37ῑ
717 1415 804 1447 tuin
840 1420 939 1447 vero
976 1407 1220 1461 patentibus
1256 1408 1359 1447 locis
1402 1406 1561 1459 grande
1597 1417 1637 1446 et
1672 1412 1792 1446 atrox
1827 1414 1992 1460 specta-

293 1479 453 1518 culum:
489 1479 610 1532 sequi
644 1480 867 1518 vulnerare
903 1492 1054 1532 capere
1093 1514 1097 1518 .
1139 1514 1142 1518 ,
1184 1514 1188 1518 .
1229 1479 1384 1532 passim
1410 1492 1525 1518 arma
1546 1485 1587 1517 ct
1607 1491 1784 1531 corpora
1803 1482 1845 1517 et
1867 1477 1994 1517 laceri

294 1556 408 1590 artus
443 1555 484 1590 et
519 1557 691 1590 cruenta
727 1550 896 1593 humus;
952 1550 1006 1598 ΙΙ,
1042 1552 1116 1589 70:
1164 1549 1336 1589 foedum
1372 1559 1499 1603 atque
1535 1556 1656 1588 atrox
1705 1548 1994 1603 spectaculum

296 1623 400 1661 iutra
437 1621 807 1676 quadragesimum
844 1635 1011 1675 pugnae
1066 1620 1197 1660 diem:
1252 1621 1387 1660 lacera
1435 1634 1624 1674 corpora,
1679 1620 1812 1659 trunci
1867 1624 1995 1669 artus,

299 1697 446 1747 putres
481 1693 665 1733 virorum
700 1706 988 1747 equorumque
1023 1692 1199 1739 formae,
1254 1692 1407 1731 infecta
1444 1692 1542 1731 tabo
1579 1691 1749 1737 liumus:
1806 1690 1884 1741 HI,
1919 1691 1995 1730 530:

296 1778 347 1804 ac
381 1778 523 1803 rursus
559 1778 664 1804 nova
701 1763 890 1803 laborum
934 1762 1083 1803 facies:
1119 1763 1249 1802 ardua
1296 1763 1411 1803 urbis
1446 1763 1624 1811 moenia,
1658 1776 1814 1802 saxeae
1849 1768 2001 1813 turres,
2055 1754 2058 1757 Α

297 1835 445 1875 ferrati
481 1839 696 1889 port-arum
730 1834 888 1886 obices,
923 1834 1092 1874 vibrans
1127 1835 1209 1874 tela
1245 1834 1376 1873 miles.

1107 2269 1118 2318 1
1136 2269 1192 2318 V.

448 2402 591 2443 Verba
627 2402 793 2442 dicendi
829 2409 869 2441 et
904 2401 1057 2455 agendi
1093 2400 1275 2455 denique
1332 2400 1444 2440 haud
1499 2414 1591 2440 raro
1626 2414 1644 2439 a
1683 2399 1831 2439 Tacito
1885 2399 2003 2439 omit-

306 2479 460 2524 tuntur,
495 2473 606 2528 quod
641 2473 843 2513 adverbio
877 2473 945 2512 vel
985 2472 1170 2512 ablativo
1216 2472 1325 2512 modi
1362 2483 1430 2512 aut
1466 2472 1709 2511 accusativo
1746 2469 1900 2510 obiecti
1934 2476 2006 2510 aut

307 2545 388 2584 alio
423 2545 552 2584 verbo
587 2545 676 2584 sive
711 2543 979 2584 antecedenti
1014 2544 1103 2583 sive
1139 2543 1414 2596 subsequenti
1450 2544 1551 2582 satis
1587 2541 1824 2581 indicantur
1858 2546 1930 2581 aut
1952 2554 2006 2581 ex

313 2622 512 2655 contextu
547 2616 747 2656 orationis
780 2615 891 2655 nullo
937 2615 1107 2669 negotio
1155 2614 1415 2668 supplentur.
1483 2614 1574 2660 Qua
1611 2613 1837 2653 omissione
1873 2613 2002 2667 scrip-

317 2692 451 2726 torem
486 2687 538 2726 ab
573 2687 807 2727 elocutione
832 2685 981 2725 Latina
1018 2700 1097 2725 non
1132 2686 1375 2736 recessisse,
1409 2685 1482 2725 sed
1517 2684 1699 2738 vestigia
1732 2684 1915 2737 priorum
1965 2687 2007 2723 et

310 2761 529 2811 poetarum
565 2767 605 2797 et
639 2771 776 2797 rerum
799 2757 1049 2810 scriptorum
1074 2770 1267 2810 premere
1292 2757 1393 2796 satis
1421 2760 1683 2810 compertum
1708 2763 1783 2795 est.
1820 2753 1878 2794 Ut
1903 2754 2007 2794 alios

310 2828 476 2868 silentio
506 2829 854 2882 praetermittam
891 2842 1021 2882 pauca
1056 2828 1251 2881 exempla
1287 2842 1336 2867 ex
1372 2827 1558 2881 Vergilio
1593 2833 1634 2866 et.
1666 2826 1785 2866 Livio
1820 2825 2006 2866 afferam.

454 2898 583 2953 Vei-g.
623 2900 727 2939 Aen.
790 2901 902 2950 1537:
959 2912 1050 2938 cuin
1084 2898 1194 2939 Juno
1234 2936 1237 2939 .
1277 2935 1280 2939 .
1323 2935 1327 2939 .
1367 2899 1468 2938 haee
1513 2911 1672 2949 secum3
1710 2899 1783 2937 76:
1849 2897 2008 2936 Aeolus

316 2970 421 3010 haec
456 2976 618 3023 contrag
661 2972 833 3023 12‚631:
900 2969 1064 3009 Turnus
1099 2969 1151 3010 ad
1206 2970 1331 3021 haec3
1374 2971 1515 3022 1325:
1571 2969 1629 3009 sic
1664 2968 1827 3022 Venus:
1888 2969 2008 3021 1‚335
