2221 3481
772 580 1499 666 Conclusio..

425 747 493 787 Ad
529 746 653 787 finem
686 747 854 796 festino,
891 761 1144 802 quamquam
1187 761 1332 788 omnes
1365 753 1508 802 partes
1561 749 1765 789 materiae
1817 747 1982 803 amplae

281 818 609 874 haudquaquam
642 831 710 858 me
742 818 976 858 absolvisse
1025 832 1107 859 non
1157 819 1315 873 ignoro.
1381 817 1630 874 Complures
1664 818 1820 860 formas
1854 818 1978 859 huius

282 890 661 945 breviloquentiae,
710 890 824 930 velut
859 889 1166 929 detractionem
1199 889 1425 930 verborum
1475 890 1642 931 dicendi
1675 890 1742 930 vel
1769 888 1980 930 sentiendi

283 966 380 1001 ante
446 962 679 1002 orationem
744 961 957 1016 obliquam
1021 960 1399 1012 usitatissima1n*),
1462 962 1808 1016 suppressionem
1869 960 1983 1002 modi

284 1032 538 1073 subiunctivi
594 1032 713 1072 verbi
777 1046 870 1072 esse
935 1033 972 1072 in
1039 1033 1267 1073 enuntiatis
1331 1032 1591 1084 seenndaris,
1655 1046 1762 1088 quae
1810 1037 1982 1087 praeter

282 1104 387 1145 dnos
420 1105 533 1144 locos
573 1106 631 1155 lsi
669 1103 774 1153 etl,
809 1106 863 1143 85
917 1117 1129 1158 nunquam
1185 1108 1337 1155 exstat,
1392 1104 1470 1144 nisi
1523 1104 1815 1144 subiunctivus
1869 1103 1980 1144 alius

281 1176 398 1215 verbi
435 1176 473 1215 in
507 1176 724 1215 enuntiato
758 1174 1004 1215 coordinato
1039 1172 1395 1230 subsequitui·*'‘*i,
1428 1175 1596 1215 silentio
1631 1175 1846 1230 praeterii,
1885 1174 1984 1229 quia

281 1252 373 1287 acta
407 1260 534 1301 agere
570 1246 776 1287 nolebam.
830 1246 967 1286 Unum
989 1250 1131 1298 restat,
1164 1256 1276 1286 ntea
1309 1260 1417 1302 quae
1458 1246 1524 1287 hic
1558 1247 1641 1286 illic
1675 1245 1726 1286 de
1775 1259 1980 1300 processu

282 1328 321 1358 et
357 1332 529 1359 recessu
563 1318 821 1375 singulorum
855 1332 1056 1372 generum
1082 1317 1356 1358 detractionis
1381 1318 1498 1358 verbi
1518 1318 1652 1372 attigi,
1683 1318 1829 1372 paucis
1863 1330 1977 1358 com-

282 1389 569 1444 prehendam;
607 1403 741 1443 neque
777 1390 887 1430 enim
922 1389 1169 1443 scriptorem
1207 1388 1302 1429 inde
1337 1389 1389 1429 ab
1424 1389 1625 1444 Agricola
1658 1403 1792 1444 usque
1827 1388 1880 1428 ad
1905 1401 1978 1443 po-

282 1467 463 1501 stremos
526 1461 737 1501 annalium
801 1460 930 1500 libros
985 1474 1111 1500 unum
1166 1459 1434 1515 eundemque
1490 1461 1696 1500 mansisse
1759 1474 1836 1500 suo
1890 1459 1980 1499 iure

284 1532 502 1573 Woelfflin
537 1531 765 1572 contendit.
804 1531 945 1579 Quare
981 1546 1061 1572 non
1082 1536 1145 1571 est
1166 1532 1327 1583 mirum,
1345 1533 1377 1572 si
1399 1546 1450 1572 ne
1470 1533 1509 1572 in
1529 1531 1607 1572 hac
1626 1531 1795 1586 quidem
1816 1529 1985 1571 dicendi

282 1604 548 1658 proprietate
584 1603 756 1643 Tacitus
791 1603 868 1643 sibi
895 1603 1092 1643 constitit,

424 1676 485 1715 Ac
520 1675 699 1730 primum
733 1674 903 1729 quidem
929 1675 1037 1714 inter
1056 1674 1267 1714 orationes
1288 1675 1513 1714 narrationi
1533 1674 1760 1714 historicae
1796 1673 1978 1714 insertas

279 1757 320 1786 et
355 1747 642 1787 narrationem
677 1746 809 1800 ipsam
845 1745 956 1785 haud
993 1746 1192 1799 exiguum
1230 1745 1456 1785 discrimen
1493 1755 1557 1785 est
1591 1755 1631 1785 et
1686 1744 1836 1785 eadem
1888 1743 1977 1785 fere

282 1817 521 1857 differentia
557 1818 665 1857 inter
699 1816 941 1872 Dialogum,
974 1817 1044 1871 qui
1094 1817 1317 1856 maximam
1374 1826 1537 1871 partem
1586 1815 1846 1857 orationibus
1881 1829 1976 1856 con—

282 1890 454 1941 tinetur,
488 1899 528 1928 et
563 1893 727 1928 ceteros
777 1888 904 1928 libros
955 1887 1191 1928 intercedit.
1258 1887 1305 1928 In
1359 1888 1619 1929 orationibus
1674 1887 1785 1927 enim
1841 1892 1883 1927 et
1938 1887 1978 1926 in

283 1960 458 2015 Dialogo
480 1959 677 2000 Tacitum
701 1958 918 1999 Ciceronis
954 1958 1187 1999 studiosum
1223 1959 1353 1999 fuisse
1391 1967 1608 2015 procerte
1630 1958 1864 2014 putandum
1899 1965 1977 1999 est.

286 2032 408 2073 Unde
444 2034 602 2073 sactum
637 2037 712 2082 est,
746 2038 789 2072 ut
824 2032 1219 2087 exempligratiain
1255 2030 1514 2071 orationibus
1551 2029 1713 2070 Galbae
1765 2030 1795 2081 l,
1834 2032 1883 2070 15
1938 2038 1980 2069 et

283 2104 450 2144 Pisonis
486 2104 589 2150 [29
623 2113 663 2144 et
688 2103 849 2144 Tiberii
884 2104 1134 2144 omissiones
1171 2102 1291 2142 verbi
1314 2102 1569 2142 substantivi
1587 2100 1813 2142 admodum
1847 2114 1980 2149 rarae,

283 2177 515 2230 positiones
565 2175 935 2230 frequentissimae
991 2176 1071 2215 sint
1128 2175 1282 2229 vixque
1307 2173 1413 2213 aliae
1468 2187 1590 2227 quam
1643 2174 1684 2212 in
1719 2171 1979 2213 orationibus

286 2246 506 2288 Ciceronis
542 2244 1018 2302 (lepi‘ehenclaiitu1¹***).

423 2318 591 2359 Deinde
626 2319 813 2359 minores
848 2318 941 2358 libri
983 2317 1184 2372 Agricola
1218 2323 1259 2357 et
1296 2315 1525 2356 Germania
1558 2330 1579 2356 a
1614 2315 1845 2356 maioribus
1880 2327 1978 2369 ope-

283 2391 398 2430 ribus
434 2391 471 2430 in
508 2390 586 2431 hoc
620 2403 780 2444 genere
815 2389 998 2429 maxime
1035 2388 1245 2429 differunt.
1291 2387 1415 2427 Initia
1452 2386 1621 2442 quidem
1655 2400 1703 2427 ac
1727 2387 1900 2438 semina,
1932 2391 1979 2426 ut

283 2463 341 2501 ita
375 2461 524 2513 dicam,
559 2462 769 2501 nascentis
805 2471 979 2500 naturae
1033 2464 1159 2514 atque
1216 2459 1366 2499 indolis
1422 2458 1689 2513 eloquentiae
1745 2457 1973 2498 historicae

284 2532 420 2572 Taciti
454 2534 536 2572 iam
586 2534 626 2572 in
674 2533 754 2572 illis
803 2533 905 2572 satis
958 2532 1085 2571 multa
1140 2534 1360 2585 apparent.
1429 2529 1497 2569 Sic
1551 2530 1633 2568 iam
1687 2529 1726 2568 in
1780 2527 1979 2583 Agricola

282 2604 461 2658 scriptor
515 2603 755 2657 exemplum
802 2601 1227 2653 Salli1stia1ni111†j›et
1282 2600 1584 2655 poetarum††)
1639 2613 1759 2639 usum
1810 2603 1980 2639 secutus

425 2722 458 2762 *)
487 2723 539 2755 De.
566 2723 632 2754 hae
662 2722 823 2763 inprimis
852 2721 1028 2764 Georgius
1056 2719 1189 2753 Clemni
1219 2719 1252 2750 in
1281 2718 1534 2750 dissertatione
1563 2717 1711 2749 laudata
1739 2717 1896 2759 scripsit.

424 2770 481 2809 ss*')
510 2770 562 2802 Ct'.
594 2769 797 2812 Nipperdey
826 2768 869 2801 ad
902 2770 973 2806 1,ῖ;
1001 2767 1126 2800 Stoi-cli
1158 2778 1189 2809 p.
1211 2769 1277 2806 153
1306 2766 1462 2798 VVetzell
1491 2771 1525 2797 et
1544 2764 1730 2797 Woelfflin
1757 2764 1792 2796 in
1810 2764 1975 2802 Bursian,

258 2817 582 2849 ‘Jahresberielite
614 2818 700 2848 1875
729 2816 763 2848 ΙΙ
793 2828 824 2858 p.
856 2817 931 2847 759.

428 2863 505 2889 ***2
533 2864 586 2896 De
615 2864 669 2895 his
697 2864 741 2895 cf.
771 2864 816 2895 M.
844 2863 1010 2905 Seyfferti
1037 2862 1258 2894 Palaestram
1286 2860 1558 2892 Ciceronianam
1587 2870 1619 2901 p.
1650 2860 1701 2891 17.

425 2911 462 2950 †)
491 2911 542 2944 Cf.
570 2922 603 2954 p.
631 2913 661 2942 6.
689 2912 722 2944 8.

429 2959 491 2997 Τῆ-ι
521 2958 572 2990 Cf.
600 2958 867 2990 &Vetzellianae
895 2957 1157 2989 dissertationis
1195 2955 1482 2987 conclusionem:
1526 2953 1737 2985 Omissionis
1771 2953 1969 2996 frequentis

286 3016 316 3037 v,
344 3017 383 3046 s,
412 3016 517 3048 quam
547 3005 642 3048 apud
670 3004 834 3037 Tacitum
861 3005 1072 3044 invenimus,
1100 3003 1253 3048 Vergilii
1282 3004 1411 3045 poetae
1430 3011 1516 3033 usus
1534 3000 1697 3043 proxima
1715 3000 1886 3044 analogia
1906 3004 1972 3034 est.
