2221 3481
1071 183 1124 221 10

250 326 362 383 apud
397 340 500 380 quos
533 325 749 364 innumera
793 325 998 365 eiusmodi
1049 326 1246 380 exempla
1293 326 1502 380 leguntur,
1558 325 1731 365 Tacitus
1780 324 1938 366 formas

241 399 359 439 verbi
394 396 658 446 substantivi,
693 397 943 450 saepissime
968 398 1170 451 temporis
1190 399 1440 451 praesentis,
1474 397 1609 437 miuus
1630 410 1759 451 saepe
1780 397 1934 449 imper-

243 471 344 511 fecti
379 477 419 509 et
454 468 632 523 perfecti
666 481 823 522 easque
874 467 961 508 fere
1016 474 1111 522 post
1160 468 1273 508 aliud
1326 469 1601 522 praeteritum
1656 474 1824 521 tempus
1876 467 1940 508 his

245 541 522 581 substantivis
557 539 755 591 detraxit,
789 553 870 594 quo
895 553 943 579 ea
963 541 1132 594 gravius
1166 539 1215 579 ad
1238 553 1360 580 aures
1391 541 1620 594 legentium
1654 539 1941 593 pervenirent,

240 626 376 667 neque
410 612 539 652 ullum
575 611 800 651 discrimen
835 616 912 653 est.
947 616 1086 650 utrum
1122 612 1158 651 in
1196 612 1405 665 primariis
1429 625 1480 650 an
1505 610 1767 651 secundariis
1807 623 1935 650 enun-

239 683 486 724 tiationibus
520 683 659 737 posita
692 682 785 722 sint.
854 681 1217 737 Frequentissima
1262 689 1405 722 autem
1455 688 1519 722 est
1573 696 1621 722 ea
1672 681 1843 722 omissio
1897 681 1937 721 in

241 753 600 809 descriptionibus
634 767 795 793 morum
842 760 967 807 atque
1021 754 1322 804 institutorum,
1374 767 1502 808 quare
1554 752 1784 793 Germania
1833 752 1936 792 satis

240 826 394 866 multos
427 826 540 866 locos
574 824 760 865 exhibet.
825 823 944 864 Talia
979 824 1245 865 substantiva
1279 830 1395 868 sunt:
1452 824 1531 864 fas
1567 823 1616 865 G.
1653 826 1698 864 6:
1752 837 1830 864 nec
1865 828 1937 863 aut

242 899 373 938 sacris
407 897 559 937 adesse
594 903 665 936 aut
699 896 919 936 concilium
955 896 1058 936 inire
1092 897 1370 950 ignominioso
1405 896 1497 947 fas,
1553 897 1661 942 1,77:
1700 909 1782 950 qua
1815 894 1938 935 divus

243 970 461 1024 Augustus
496 967 788 1022 responderat,
822 980 959 1022 neque
995 966 1058 1007 fas
1084 966 1255 1008 Tiberio
1292 968 1520 1021 infringere
1556 966 1668 1006 dieta
1702 967 1806 1006 eius.
1874 965 1936 1005 Ex

244 1041 375 1081 verbo
395 1039 664 1080 antecedenti
690 1038 1016 1093 „responde1·at“
1041 1038 1361 1093 c‹›puiaomissa
1401 1042 1541 1087 „emm
1580 1038 1702 1078 facile
1738 1036 1937 1077 subaudi-

241 1118 319 1152 tur.
386 1111 623 1151 Infinitivus
657 1124 751 1150 esse
784 1109 905 1150 deest
938 1109 1047 1164 apud
1084 1111 1145 1149 fas
1187 1112 1296 1161 1,77;
1333 1111 1440 1160 3,17.
1507 1109 1651 1149 Posita
1685 1115 1750 1149 est
1784 1108 1937 1162 copula

243 1183 277 1223 D
315 1185 390 1233 263
425 1183 500 1233 363
542 1182 579 1222 A
615 1184 685 1227 4‹3;
742 1181 816 1232 IV,
850 1182 903 1221 58
958 1182 1015 1233 (in
1053 1182 1271 1227 oratione).
1339 1180 1400 1221 Cf.
1444 1181 1566 1234 Verg.
1602 1182 1707 1220 Aen.
1767 1180 1796 1231 Ι,
1831 1181 1934 1231 206;

245 1254 296 1300 ΙΙ,
337 1255 435 1297 1572
470 1255 574 1304 402,
611 1255 711 1304 7793
749 1252 820 1301 IV,
861 1255 959 1303 113;
1000 1253 1068 1301 VI,
1105 1254 1198 1293 5553,
1267 1252 1546 1307 flagitium
1583 1251 1631 1292 G.
1670 1253 1713 1292 6:
1765 1256 1929 1291 scutum

243 1326 461 1380 reliquisse
497 1326 769 1378 praecipuum
822 1324 1039 1378 flagitium.
1107 1323 1212 1364 (Tum
1266 1325 1447 1378 empsasi
1503 1323 1613 1363 dicta
1663 1328 1727 1363 est
1782 1322 1933 1376 copula

245 1399 386 1446 14,14:
437 1410 530 1435 nam
581 1396 744 1435 eteius
778 1396 983 1449 flagitium
1033 1406 1108 1445 est,
1156 1395 1223 1435 ubi
1275 1396 1454 1449 scriptor
1488 1409 1606 1435 suum
1662 1395 1794 1449 ipsius
1829 1392 1935 1433 iudi-

241 1469 347 1508 cium
384 1467 435 1507 de
469 1467 594 1507 foedo
620 1466 758 1507 studio
786 1466 964 1507 Neronis
988 1480 1081 1506 cum
1105 1468 1313 1521 gravitate
1342 1467 1503 1521 profert
1584 1465 1745 1506 rubor
1780 1463 1817 1504 G
1863 1464 1935 1503 13:

243 1553 320 1579 nec
353 1539 480 1579 rubor
529 1539 638 1578 inter
686 1539 861 1579 comites
910 1539 1052 1592 aspici.
1122 1538 1184 1578 Cf.
1243 1540 1382 1589 11,17:
1433 1552 1509 1578 nec
1559 1546 1721 1592 patrem
1784 1535 1938 1586 rubori,

240 1611 438 1666 quoloco
474 1610 702 1650 infinitivus
735 1624 830 1649 esse
881 1611 1083 1650 omissum
1136 1619 1199 1650 est
1279 1610 1336 1649 At
1390 1610 1575 1664 positum
1625 1614 1688 1649 est
1739 1606 1933 1647 verbum:

246 1684 387 1733 1455:
427 1681 561 1730 „unde
597 1682 723 1721 etiam
757 1681 856 1720 mihi
894 1681 1033 1721 rubori
1059 1686 1148 1721 est⁴⁵
1188 1683 1226 1721 in
1252 1682 1454 1721 oratione.
1522 1680 1770 1734 probrum
1804 1677 1936 1717 GQQ:

242 1754 353 1794 diem
388 1761 638 1807 noctemque
673 1754 918 1793 continuare
953 1752 1138 1807 potando
1192 1753 1288 1793 nulli
1346 1752 1545 1806 probrum
1624 1752 1739 1790 laus
1775 1748 1824 1790 G.
1862 1750 1948 1788 32³

239 1840 313 1865 nec
347 1826 478 1865 maior
512 1823 622 1878 apud
668 1823 845 1864 Chattos
896 1824 1085 1878 peditum
1139 1825 1228 1863 laus
1279 1838 1402 1878 quam
1455 1822 1677 1863 Tencteris
1732 1822 1934 1876 equitum.

239 1898 387 1937 venia
423 1895 469 1936 G.
514 1897 581 1935 19:
618 1895 857 1949 publicatae
893 1896 1002 1935 enim
1038 1895 1267 1950 pudicitiae
1294 1896 1403 1934 nulla
1425 1895 1547 1934 venia
1627 1906 1770 1933 mora
1803 1893 1934 1932 omni-

241 1968 315 2008 bus
350 1968 451 2008 locis
485 1981 577 2007 cum
612 1967 838 2021 negatione
873 1967 1010 2022 aliqua
1046 1968 1134 2006 sine
1169 1966 1299 2007 verbo
1326 1967 1490 2020 legitur.
1559 1964 1614 2005 Cf
1650 1964 1681 2015 Ι,
1707 1966 1782 2013 59,
1818 1964 1935 2015 4,7Ο;

244 2040 386 2091 13,45;
422 2038 475 2087 ΙΙ,
514 2039 576 2078 14.
643 2037 752 2077 Item
785 2037 897 2092 apud
933 2043 1081 2092 poetas
1159 2036 1222 2077 Cf.
1261 2037 1374 2077 Plew
1412 2052 1448 2091 p.
1488 2040 1528 2076 ὃ.

379 2109 519 2149 Etiam
550 2109 756 2150 vocabulo
796 2109 932 2149 fides
966 2124 988 2147 v
1040 2124 1070 2149 s.
1109 2123 1318 2163 nunquam
1354 2116 1417 2148 est
1459 2107 1726 2148 adiunctum:
1770 2104 1819 2146 G.
1862 2106 1936 2145 10:

237 2195 315 2220 nec
347 2181 418 2220 ulli
453 2181 641 2234 auspicio
675 2181 807 2221 maior
839 2180 962 2224 fides:
1020 2180 1068 2220 G.
1106 2184 1181 2220 45:
1216 2194 1296 2234 quo
1332 2180 1441 2233 cingi
1475 2178 1669 2233 ciudique
1719 2185 1933 2217 terrarum

240 2251 386 2292 orbem
421 2251 515 2291 hinc
549 2251 667 2302 fides,
701 2251 836 2306 quod,
871 2251 901 2301 I,
922 2253 999 2291 56:
1037 2265 1113 2291 nec
1149 2252 1341 2305 cuiquam
1374 2252 1483 2291 ultra
1515 2251 1637 2301 fides,
1694 2249 1725 2300 I,
1750 2251 1821 2289 70:
1857 2261 1936 2288 nee

236 2322 340 2362 fides
375 2323 540 2370 salutis;
577 2322 608 2371 Ι,
641 2324 716 2362 87;
751 2322 827 2362 sed
862 2323 1037 2376 plurima
1072 2322 1176 2362 fides
1215 2322 1375 2362 Licinio
1401 2322 1602 2368 Proculo;
1653 2320 1702 2373 ΙΙ,
1737 2321 1786 2361 8:
1820 2319 1931 2360 unde

235 2393 292 2433 illi
326 2394 496 2448 propior
529 2393 581 2433 ad
615 2393 846 2433 fallendum
878 2393 1006 2440 fides;
1045 2393 1096 2445 ΙΙ,
1131 2394 1205 2433 33:
1251 2395 1314 2433 cui
1351 2394 1418 2433 uni
1453 2392 1565 2447 apud
1595 2393 1775 2432 militem
1808 2390 1929 2432 fides.

239 2463 300 2505 Cf.
346 2464 472 2519 Verg.
530 2466 635 2505 Aen.
691 2464 870 2515 IV,12:
927 2478 1002 2505 nec
1055 2479 1165 2505 vana
1218 2464 1345 2517 fides3
1398 2464 1478 2516 ΙΙΙ,
1527 2465 1609 2504 375
1665 2468 1707 2503 et
1747 2462 1930 2516 saepius.

239 2535 378 2586 (Plew
411 2550 450 2590 p.
487 2535 541 2586 6).
1518 2553 1523 2558 ·

379 2606 689 2661 Vuigarissima
723 2611 787 2647 est
821 2606 1027 2647 detractio
1071 2622 1107 2646 v.
1142 2622 1172 2647 s.
1226 2608 1267 2646 in
1322 2607 1636 2647 construetione
1692 2618 1787 2645 esse
1838 2617 1933 2644 cum

237 2677 391 2717 dativo.
459 2676 521 2718 Cf.
558 2677 753 2729 VVetzell,
805 2677 857 2718 de
891 2693 968 2718 usu
1002 2693 1025 2717 v
1075 2693 1104 2718 s.
1141 2678 1335 2718 Tacitino
1371 2693 1407 2732 p.
1442 2680 1509 2718 44.
1577 2677 1687 2724 Quia
1721 2676 1802 2716 loci
1835 2680 1932 2715 sunt

237 2749 419 2788 sescenti
454 2762 588 2802 neque
623 2763 778 2803 operae
813 2750 994 2803 pretium
1029 2759 1093 2789 est
1127 2763 1198 2790 eos
1233 2749 1489 2801 adscribere,
1523 2761 1751 2803 paucarum
1772 2747 1929 2787 formu·

239 2820 370 2859 larum
405 2834 525 2859 usum
560 2820 763 2860 exhibere
785 2821 887 2860 satis
922 2820 1072 2861 habeo.
1142 2820 1260 2861 Haec
1294 2821 1423 2874 elegi:

384 2904 506 2940 „cura
541 2892 609 2931 vel
643 2906 767 2932 curae
803 2893 925 2932 alicui
960 2891 1117 2947 aliquid
1162 2896 1267 2932 est·‘.
1335 2890 1372 2931 G
1405 2893 1478 2930 31:
1528 2890 1628 2930 nulli
1663 2889 1812 2930 domus
1846 2891 1931 2939 aut,

240 2974 342 3015 ager
375 2968 445 3001 aut
479 2962 619 3017 aliqua
653 2976 777 3016 cura;
830 2963 863 3015 Ι,
902 2965 938 3004 l:
993 2964 1051 3004 ita
1094 2963 1255 3003 neutris
1301 2976 1401 3005 cura
1455 2961 1735 3016 posteritatis3
1790 2959 1822 3012 Ι,
1853 2960 1929 2999 88;
