2221 3481
1123 198 1148 236 2

293 339 464 392 monuit,
489 338 666 380 Carolus
691 338 877 379 wetzel]
903 336 1154 390 dissei‘uit*).
1220 339 1363 380 Nihilo
1397 339 1529 379 setius
1556 353 1607 379 ne
1633 340 1666 379 is
1701 337 1874 394 quidem
1908 337 1987 379 etsi

295 410 346 450 de
381 419 531 451 natura
580 416 706 465 atque
758 410 895 450 indole
950 410 1155 450 sermonis
1210 412 1425 465 scriptoris
1482 410 1774 465 pernoscenda
1830 411 1988 465 optime

294 482 459 533 meruit,
490 496 578 522 rem
612 481 665 521 ad
698 482 824 522 finem
858 481 1069 536 perduxit,
1102 483 1197 535 quia
1233 487 1274 522 et
1307 482 1488 536 ellipsim
1529 485 1757 522 termarum
1812 487 1894 522 est
1948 487 1990 521 et

296 559 418 593 sunt
451 554 563 608 apud
598 553 865 607 participium
917 552 1095 607 perfecti
1145 567 1165 592 a
1207 553 1355 593 Tacito
1406 554 1534 593 multo
1589 553 1758 607 saepius
1807 567 1931 607 quam
1967 567 1990 592 a

294 624 505 679 prioribus
539 624 764 664 admissam
797 628 980 664 tractare
1015 625 1182 665 omnino
1238 624 1477 678 supersedit
1531 618 1667 679 neque
1720 625 1760 663 in
1814 624 1990 678 singulis

294 696 532 736 omissionis
565 695 793 736 verborum
826 695 1054 750 generibus
1090 695 1400 750 distinguendis
1436 696 1689 736 rhetoricam
1723 700 1858 735 artem
1885 697 1988 735 satis

296 767 499 821 respexit,
533 766 609 807 sed
642 772 763 806 notas
798 771 1063 807 extrinsecus
1097 775 1286 821 sumptas
1320 768 1461 821 potius
1496 775 1664 806 secutus
1699 771 1773 806 est.

437 837 587 893 Neque
622 844 762 878 tamen
799 838 970 878 dubium
993 847 1069 887 est,
1102 839 1198 892 quin
1226 852 1411 878 summus
1436 838 1504 877 ille
1534 838 1687 877 artifex
1708 838 1992 892 eloquentiae,

294 911 361 965 qui
398 914 439 950 et
483 910 706 950 verborum
761 915 801 949 et
855 910 1071 948 iuncturae
1126 915 1448 963 structuraeque
1500 909 1725 949 verborum
1780 908 1992 948 delectum

295 981 655 1021 accuratissimum
692 981 904 1034 rebusque
940 981 1145 1019 enarratis
1199 986 1285 1019 tani
1333 981 1437 1020 mire
1472 981 1797 1020 convenientem
1832 979 1992 1032 habuit,

298 1054 337 1092 in
375 1053 451 1092 hoc
486 1066 653 1106 quoque
696 1053 974 1091 instrumento
1017 1052 1200 1091 oratorio
1244 1051 1488 1105 usurpando
1538 1065 1615 1091 non
1651 1061 1811 1091 temere
1846 1051 1994 1106 egerit,

295 1124 372 1164 sed
407 1137 576 1178 semper
609 1123 698 1163 fere
734 1123 860 1163 certis
885 1122 1118 1162 rationibus
1144 1122 1351 1161 adductus
1378 1122 1444 1161 sit.

440 1195 772 1235 Accuratissime
809 1193 991 1247 denique
1028 1193 1237 1247 Georgius
1273 1192 1437 1233 Clemm
1471 1206 1563 1233 cum
1599 1193 1649 1233 de
1685 1194 1776 1233 aliis
1812 1193 1993 1235 brevilo-

297 1267 494 1320 quentiae
514 1265 715 1306 Taciteae
735 1265 965 1319 generibus
1000 1273 1085 1304 tuni
1123 1264 1174 1304 ‹le
1213 1264 1434 1304 verborum
1471 1266 1772 1319 suppressione
1808 1264 1994 1319 disputa-

297 1338 356 1377 vit
390 1338 657 1391 maximeque
692 1337 983 1390 quaestionem
1022 1337 1058 1376 in
1095 1350 1173 1391 qua
1196 1350 1415 1376 versamur
1438 1337 1645 1390 provexit.
1711 1335 1852 1376 Solam
1878 1336 1996 1376 verbi

298 1408 552 1449 substantivi
588 1408 857 1448 omissionem
884 1421 1018 1462 paone
1055 1408 1255 1447 intactam
1283 1408 1451 1462 reliquit
1471 1408 1626 1462 aliique
1651 1408 1996 1447 commentationi

299 1480 488 1534 seposuit
517 1479 559 1534 (p
600 1481 686 1528 63),
710 1492 816 1533 quae
842 1478 953 1532 quod
988 1479 1117 1518 sciam
1153 1493 1363 1532 nunquam
1387 1479 1424 1518 in
1452 1479 1588 1518 lucem
1613 1478 1780 1533 prodiit..
1851 1479 1996 1534 ltaque

299 1550 399 1591 mihi
422 1551 623 1605 proposui
647 1551 876 1604 praecipue
910 1549 1030 1600 hanc,
1066 1549 1219 1590 deinde
1254 1551 1356 1590 alias
1392 1550 1596 1605 quasdam
1633 1550 1996 1604 breviloquentiam

298 1623 467 1673 formas,
502 1622 651 1676 quibus
687 1622 911 1662 elocutioni
950 1620 1228 1661 ‹5¹‹11—noli2mae
1265 1623 1440 1676 insignis
1474 1622 1589 1661 color
1623 1621 1803 1673 additur,
1837 1628 1992 1662 retrac-

300 1699 402 1733 tare.
470 1692 564 1740 Qua
589 1694 627 1732 in
654 1707 697 1733 re
732 1707 906 1733 nurnero
941 1693 1125 1732 locorum
1161 1707 1284 1746 quani
1320 1695 1502 1733 maximo
1527 1692 1755 1747 adscripto,
1789 1706 1870 1747 quo
1899 1707 1999 1733 usus

301 1764 469 1805 dicendi
496 1764 735 1819 gradusque
771 1778 816 1804 ac
853 1778 1117 1818 progressus,
1153 1779 1227 1818 per
1262 1779 1365 1818 quos
1417 1765 1598 1818 scriptor
1640 1764 1802 1818 singula
1842 1778 2000 1819 genera

302 1836 539 1877 omissionis
574 1836 772 1886 excoluit,
813 1836 1126 1875 manifestiores
1161 1837 1381 1882 exsistant,
1425 1844 1466 1875 et
1511 1850 1603 1875 euni
1640 1835 1842 1886 ordinem,
1876 1849 1998 1890 quem

304 1907 515 1947 Henricus
551 1906 667 1946 Plew
703 1908 739 1946 in
778 1914 1087 1961 programmate
1129 1906 1346 1947 'l‘ilsitensi
1383 1907 1434 1947 de
1461 1908 1594 1961 ellipsi
1622 1908 1740 1946 verbi
1772 1907 1999 1961 copulativi

307 1992 401 2018 esse
450 1977 562 2032 apud
617 1984 764 2031 poetas
819 1978 992 2018 Latinos
1047 1979 1203 2032 scripto
1256 1979 1455 2029 servavit,
1509 1984 1678 2018 secutus
1734 1979 1913 2032 primum
1947 1977 1999 2017 de

306 2050 606 2103 suppressione
642 2064 678 2089 v.
716 2064 744 2089 s.
782 2049 893 2103 apud
935 2050 1201 2104 participium
1253 2050 1446 2103 perfecti,
1499 2049 1652 2090 deinde
1707 2049 1758 2089 de
1809 2048 2000 2089 eiusdem

306 2120 426 2160 verbi
450 2121 676 2160 omissione
711 2120 822 2174 apud
869 2134 1033 2172 nomen,
1088 2127 1301 2175 postremo
1357 2121 1407 2161 de
1463 2121 1725 2161 detractione
1775 2120 2001 2161 verborum

257 2188 261 2190 ’
307 2190 471 2231 oriendi
505 2191 739 2231 exsistendi
773 2191 926 2245 agendi
961 2192 1126 2231 dicendi
1163 2191 1379 2232 disseram.

450 2321 483 2361 ³⁸)
536 2321 588 2353 Cf.
632 2321 814 2359 iudicium,
871 2322 964 2364 quod
1013 2323 1194 2354 Woelfflin
1241 2329 1274 2354 et
1313 2323 1496 2355 Andresen
1542 2323 1585 2355 de
1630 2323 1884 2354 dissertatione
1925 2323 2001 2354 eius

308 2369 470 2400 fecerunt
498 2369 530 2400 in
562 2369 724 2404 Bursian,
753 2369 1047 2401 Jaliresbericlite
1080 2371 1165 2401 1⁸75
1195 2370 1227 2401 Il
1259 2381 1289 2412 p.
1320 2371 1385 2401 759
1415 2374 1449 2401 et
1468 2370 1762 2402 Jalireslmiiclite
1791 2369 1851 2401 (les
1875 2369 1999 2411 philol.

310 2415 461 2447 Vereins
489 2416 522 2447 in
553 2416 671 2448 Berlin
704 2417 792 2447 187³
820 2427 851 2457 pi
881 2418 959 2448 291.
