2221 3481
1082 210 1136 248 26

268 352 443 392 libertos
477 364 707 406 servosque
742 350 936 405 publicae
971 350 1044 397 rei,
1079 363 1158 389 non
1192 350 1342 389 studiis
1362 350 1538 403 privatis
1563 362 1639 388 nec
1673 361 1727 387 ex
1750 359 1960 388 commen-

269 423 437 464 datione
472 427 542 462 aut
560 422 757 477 precibus
778 422 1068 462 centurionem
1087 421 1296 460 militesve
1318 421 1466 471 ascire,
1500 419 1573 459 sed
1595 419 1797 473 optimum
1819 431 1961 473 quem-

268 508 347 548 que
380 494 629 534 fidissimum
663 490 866 548 putare*).

408 565 627 606 Adverbio
661 569 803 605 autem
838 578 931 604 cum
965 562 1120 603 affectu
1139 561 1320 617 quodam
1345 558 1595 610 oratorio**)
1620 562 1658 600 in
1695 561 1812 601 initio
1832 573 1960 600 enun-

269 637 360 676 tiati
398 638 537 691 posito
572 641 698 691 atque
722 635 968 690 praedicato
988 634 1166 675 membri
1185 634 1351 674 relativi
1372 633 1589 687 sequentis
1609 631 1786 671 verbum
1810 630 1963 686 agendi

274 709 471 748 omissum
506 708 622 748 hisce
657 708 757 747 locis
792 707 1023 747 indicatur:

414 778 451 819 G
491 781 558 819 19:
589 779 757 819 mollius
792 778 961 833 quidem
994 777 1131 818 adhuc
1167 790 1243 816 eae
1279 777 1485 825 civitates,
1520 776 1557 815 in
1598 775 1750 830 quibus
1803 779 1966 814 tantum

272 851 457 905 virgines
491 850 674 902 nubu11t;
714 852 827 901 1,43:
864 849 1012 890 melius
1034 852 1074 889 et
1093 848 1302 889 amantius
1322 848 1400 898 ille,
1434 847 1503 902 qui
1524 846 1709 901 gladium
1733 845 1963 897 offerebam

269 923 386 973 438:
421 922 570 962 melius
604 922 857 977 Augustum,
891 922 959 975 qui
994 920 1243 975 speraverit.

410 993 491 1033 His
526 998 730 1048 cognatus
764 998 829 1033 est
862 993 976 1033 locus
1011 992 1050 1032 A
1085 994 1130 1031 5:
1166 1004 1243 1031 nec
1277 990 1477 1044 Agricola
1509 989 1685 1029 licenter
1730 991 1801 1038 (sc.
1859 989 1963 1042 egit)

269 1078 385 1104 more
420 1065 615 1104 iuvenum
652 1065 720 1119 qui
752 1065 944 1104 militiam
980 1064 1018 1103 in
1054 1063 1266 1103 lasciviam
1304 1065 1494 1110 vertunt;
1531 1074 1666 1114 neque
1700 1060 1888 1114 segniter
1911 1058 1965 1099 ad

271 1136 532 1190 voluptatem
566 1140 608 1176 et
642 1142 899 1176 commeatus
933 1135 1099 1175 titulum
1139 1133 1376 1174 tribunatus
1431 1137 1473 1171 et
1526 1131 1734 1171 inscitiam
1790 1130 1964 1171 rettulit.

412 1206 602 1247 Eandem
635 1207 968 1248 subtractionem
1005 1206 1120 1246 verbi
1158 1204 1332 1244 Tacitus
1374 1205 1413 1244 in
1449 1203 1679 1243 enuntiatis
1714 1201 1965 1256 comparati-

277 1279 338 1318 vis
373 1292 397 1318 a
430 1278 619 1319 formulis
658 1292 762 1326 „nec
795 1277 908 1318 aliud
943 1292 1080 1332 quam,
1115 1276 1213 1331 quid
1249 1275 1359 1315 aliud
1385 1289 1522 1329 quam,
1556 1287 1694 1328 neque
1730 1272 1844 1313 aliud
1877 1272 1970 1324 nisi,

276 1350 374 1404 quid
410 1350 522 1390 aliud
556 1351 648 1402 nisi,
682 1364 759 1390 nec
793 1350 972 1404 amplius
1007 1363 1143 1403 quam,
1193 1362 1271 1387 nou
1327 1347 1432 1386 ultra
1469 1348 1617 1400 quam“
1669 1343 1970 1398 incipientibus

269 1420 473 1472 adhibuit,
513 1435 619 1475 quae
654 1422 693 1461 in
726 1421 862 1461 lexico
897 1420 1072 1461 Taciteo
1106 1434 1127 1459 a
1164 1418 1355 1458 Gerbero
1390 1423 1431 1458 et
1467 1416 1636 1457 Greefio
1672 1431 1696 1470 p
1748 1418 1800 1456 66
1837 1420 1879 1456 et
1915 1416 1969 1454 75

271 1492 446 1533 collecta
480 1493 760 1532 inveniuntur.

420 1563 526 1604 Viee
560 1577 683 1604 versa
718 1563 893 1604 verbum
929 1562 1140 1617 generalis
1174 1560 1350 1601 actionis
1385 1574 1437 1599 ex
1474 1558 1718 1614 praedicato
1765 1557 1972 1598 enuntiati

271 1635 457 1689 primarii
493 1635 743 1675 eliciendum
779 1641 820 1675 et
855 1635 893 1674 in
943 1633 1177 1674 membrum
1232 1631 1500 1671 subiunctum
1555 1628 1967 1682 subintellegcndum

275 1710 339 1746 est
372 1706 438 1746 his
458 1707 578 1746 locis:
616 1706 736 1757 I,89:
771 1712 857 1746 tum
878 1706 1066 1759 legiones
1087 1704 1331 1757 classesque
1367 1707 1408 1742 et
1441 1701 1553 1756 quod
1588 1715 1680 1741 raro
1715 1701 1817 1740 alias
1844 1713 1966 1754 prae-

274 1778 461 1818 torianus
510 1777 781 1832 urbanusque
831 1777 950 1817 miles
1000 1777 1039 1816 in
1088 1776 1222 1815 aciem
1271 1773 1464 1823 deducti;
1525 1774 1666 1824 16,19:
1723 1785 1799 1811 nec
1853 1770 1969 1811 codi-

276 1849 380 1888 cillis
411 1848 592 1903 quidem,
626 1848 736 1903 quod
771 1849 963 1903 plerique
997 1847 1278 1902 pereuntium,
1322 1844 1535 1885 Neronem
1589 1848 1659 1883 aut
1714 1842 1970 1896 Tigellinum

280 1924 350 1960 aut
384 1934 508 1975 quem
544 1920 669 1961 alium
705 1921 939 1975 potentium
974 1919 1168 1959 adulatus
1203 1924 1278 1958 est,
1343 1915 1398 1956 Cf
1441 1915 1544 1956 Suet
1569 1914 1688 1955 Caes.
1710 1915 1786 1954 26:
1820 1927 1971 1954 munus

277 1992 431 2046 populo
466 1992 718 2046 epulumque
754 1991 1041 2046 pronuntiavit
1075 1991 1115 2029 in
1148 1990 1258 2029 filiae
1292 1987 1551 2038 memoriam,
1586 1985 1698 2041 quod
1731 1989 1828 2025 ante
1874 1998 1970 2025 eum

279 2076 425 2114 nemo,
461 2063 512 2115 V,
546 2065 619 2103 22:
652 2068 781 2117 utque
817 2063 869 2103 ed
903 2061 1133 2102 fallendum
1169 2060 1348 2110 silentio,
1383 2059 1440 2098 ita
1481 2062 1632 2112 coepta
1685 2055 1836 2107 caede,
1890 2069 1972 2110 quo

281 2134 374 2189 plus
409 2135 581 2175 terroris
616 2134 835 2186 adderent,
869 2140 1016 2174 cuncta
1052 2132 1304 2173 clamoribus
1337 2129 1584 2170 miscebant.

421 2205 635 2247 Coneinne
671 2208 704 2247 si
738 2207 918 2261 scriptor
952 2205 1033 2246 duo
1068 2204 1257 2245 membra
1291 2202 1497 2243 enuntiati
1533 2199 1794 2240 conformare
1816 2198 1970 2238 voluis-

278 2282 355 2329 set,
387 2277 617 2318 finiendum
651 2279 688 2318 ei
723 2283 832 2319 erat:
859 2278 1040 2318 clamore
1075 2276 1269 2331 agebant.
1336 2273 1421 2314 Sed
1454 2273 1533 2312 hac
1566 2273 1657 2326 ipsa
1691 2270 1972 2310 concinnitate

279 2348 442 2389 sublata
476 2364 551 2403 pro
586 2355 836 2404 exspectato
872 2349 1002 2389 verbo
1041 2347 1275 2402 „agebant“
1314 2344 1441 2395 aliud,
1475 2344 1541 2384 cui
1585 2342 1803 2396 angustior
1857 2341 1972 2381 notio

280 2421 401 2471 inest,
435 2422 575 2475 posuit
609 2425 650 2461 et
684 2421 784 2461 illud
818 2422 857 2461 in
892 2421 1032 2475 priore
1065 2418 1255 2459 membro
1291 2416 1474 2470 oppositi
1510 2414 1655 2454 lectori
1690 2411 1973 2467 supplendum

280 2492 459 2546 reliquit.
528 2491 701 2546 Optime
735 2492 816 2532 huc
855 2491 1075 2547 quadrant,
1108 2503 1214 2544 quae
1249 2484 1555 2542 Hauptius***)
1591 2484 1642 2525 de
1677 2484 1772 2524 stilo
1797 2482 1973 2523 Taciteo

281 2562 525 2602 acutissime
555 2562 734 2603 iudicat:

430 2633 628 2683 „Tacitus
662 2634 744 2675 will
779 2633 908 2674 soviel
944 2633 1005 2673 als
1038 2630 1221 2686 moglich
1243 2629 1481 2670 Gedanken
1517 2627 1619 2669 oder
1643 2625 1974 2679 Vorstellungen

424 2765 457 2804 ³⁸)
485 2765 563 2798 Non
594 2765 738 2797 verbum
766 2764 920 2803 dicendi,
949 2763 1045 2806 quod
1073 2763 1236 2795 Heraeus
1263 2764 1296 2793 et
1324 2760 1515 2793 Clemmius
1535 2770 1568 2801 p.
1589 2760 1642 2797 48,
1672 2757 1731 2800 qui
1747 2757 1832 2788 huic
1851 2765 1974 2787 assen-

283 2812 377 2849 titur,
407 2813 605 2853 voluerunt,
634 2812 697 2845 sed
716 2824 744 2844 v.
762 2823 788 2844 s.
816 2819 913 2844 erat
943 2810 1182 2853 supplendum
1199 2812 1251 2841 est
1278 2809 1304 2847 Ι,
1335 2810 1393 2839 14:
1424 2817 1639 2850 quamquam
1672 2804 1759 2836 nihil
1789 2801 1907 2835 adhuc
1934 2801 1976 2834 de

283 2858 431 2891 Vitellio
462 2864 608 2892 certum.
661 2860 714 2892 Cf.
742 2859 963 2892 simillimum
992 2859 1108 2891 locum
1137 2856 1297 2889 Suetonii
1326 2855 1421 2887 Nero
1454 2856 1488 2886 1:
1518 2854 1560 2886 de
1589 2863 1659 2895 qua
1686 2853 1860 2884 incertum
1887 2852 1974 2881 erat.

425 2905 481 2945 **)
509 2908 594 2939 Loci
623 2907 808 2939 annalium
839 2908 914 2947 1‚43
945 2913 978 2938 et
1005 2907 1084 2944 4,38
1112 2906 1146 2937 in
1175 2902 1399 2935 orationibus
1427 2902 1604 2944 leguntur.
1915 2932 1919 2936 ⁴

426 2953 504 2994 ***)
534 2954 585 2987 Cf.
614 2954 743 2987 Christ.
771 2954 913 2998 Belger,
942 2953 1052 2985 Moriz
1080 2952 1204 2994 Haupt
1247 2951 1299 2982 als
1344 2948 1619 2982 akademiseher
1662 2946 1808 2985 Lehrer‚
1853 2943 1975 2976 Berlin

288 3002 387 3042 1879,
414 2999 447 3034 S.
475 3002 554 3035 269.
