2221 3481
988 580 1061 662 V
1103 582 1113 662 i
1155 592 1183 664 t
1221 609 1290 663 a.

436 767 570 809 Natus
604 781 708 819 sum,
742 770 958 824 Cnsparus
993 769 1129 820 stum,
1165 768 1498 810 Kleineibstndti
1535 770 1573 810 in
1611 771 1701 810 vivo
1730 769 1993 811 Frnnconino

294 839 506 880 inferioris
539 852 572 879 ιι,
612 838 648 880 d.
680 838 773 880 Vll.
812 839 900 881 ('nl.
940 839 1035 880 dnn.
1071 854 1181 880 anno
1208 839 1536 881 Mllccvm'll
1571 840 1767 882 .lolmnno
1791 840 1997 897 Josepho,

296 910 543 952 Elisnliethn
579 911 826 966 parentibus
861 918 902 952 et
937 911 1034 952 fidei
1070 911 1304 952 catholicae
1347 911 1555 952 addictus.
1620 915 1726 953 ('um
1778 914 1992 954 literarum

294 983 507 1024 oleincntu
560 981 819 1035 didicissem,
872 984 1138 1038 gymnasium
1195 984 1376 1023 vicinum
1428 983 1896 1025 Muunnerstmltinnum
1951 991 1991 1024 et

295 1060 444 1110 postea
478 1053 840 1108 wirceburgense
895 1054 992 1095 adii.
1057 1056 1273 1095 Autumno
1327 1055 1423 1095 anni
1484 1054 1898 1096 MDCCCLXXVH
1957 1057 1994 1096 in

292 1126 545 1167 societatem
580 1125 841 1167 Academiae
875 1125 1331 1167 Julio-Maximilianne
1368 1133 1566 1180 receptus
1601 1141 1704 1167 sum.
1774 1126 1835 1167 Ibi
1867 1126 1992 1167 docu-

293 1203 420 1239 erunt
453 1210 519 1238 me
555 1196 721 1249 Flnsch,
762 1196 1043 1253 Grasberger,
1075 1197 1201 1253 sully,
1246 1197 1399 1250 Lexer,
1433 1197 1612 1250 Schnnz,
1658 1197 1826 1240 Urlichs
1862 1197 1995 1254 philo—

296 1267 394 1323 logi.
417 1267 579 1324 Unger,
605 1268 787 1324 NVegele
811 1268 1016 1322 historici,
1050 1268 1224 1324 Sturnpf
1239 1268 1527 1325 philosophus.
1595 1269 1702 1310 Tum
1727 1268 1995 1310 Monachium

293 1353 360 1381 mc
395 1340 564 1392 contuli,
616 1339 687 1381 ubi
734 1339 931 1393 Bursian,
964 1340 1120 1393 Christ,
1153 1339 1280 1382 Halm
1316 1340 1532 1396 philologi,
1585 1340 1795 1393 Carriere,
1849 1341 1995 1382 Prantl

292 1410 549 1468 philosophi,
583 1411 870 1454 Giesebreeht
923 1412 1149 1454 historicus
1203 1426 1268 1453 me
1313 1413 1598 1453 instituerunt.
1682 1412 1760 1454 His
1794 1412 1990 1454 omnibus

293 1483 474 1538 gratiam
509 1483 646 1524 habeo
681 1484 921 1525 maximam.
987 1483 1099 1525 Jnde
1154 1483 1206 1524 ad
1241 1483 1388 1525 sedem
1439 1484 1654 1525 literarum
1692 1483 1995 1526 Franconicam

297 1568 514 1596 reversum
549 1555 815 1596 institutione
870 1563 998 1611 atque
1054 1555 1244 1596 doctrina
1300 1556 1484 1596 virorum
1535 1555 1698 1596 illorum
1748 1555 1887 1596 denuo
1928 1570 1994 1597 mc

298 1633 467 1667 auctum
487 1640 581 1667 esse
600 1632 722 1680 grato
741 1627 880 1668 animo
900 1627 1114 1667 confiteor.
1163 1625 1268 1667 Cum
1293 1625 1449 1667 deinde.
1469 1641 1577 1667 anno
1599 1626 1993 1667 MDCCCLxxxl

300 1699 415 1754 prius
449 1712 627 1739 examen
663 1698 877 1754 publicum
904 1698 1129 1750 subissem,
1163 1712 1238 1753 per
1261 1704 1511 1753 sequentem
1536 1711 1688 1739 annum
1715 1704 1758 1739 ut
1784 1697 1993 1739 Monachii

298 1768 440 1810 studio
474 1770 764 1825 comparativo
798 1770 1034 1824 linguarum
1071 1783 1136 1810 me
1171 1769 1328 1810 dedere
1364 1783 1545 1823 possem,
1600 1784 1774 1810 munere
1829 1770 1994 1825 privato

298 1840 570 1896 suscipiendo
605 1840 705 1881 mihi
740 1842 927 1895 contigit.
996 1841 1140 1881 Verno
1195 1848 1336 1881 autem
1390 1855 1499 1881 anno
1553 1841 1814 1893 octogesimo
1867 1842 1993 1882 tcrtio

299 1911 421 1953 huius
455 1912 612 1952 saeculi
662 1913 841 1967 collegio
881 1913 1089 1968 gymnasii
1139 1912 1296 1952 veteris
1331 1910 1577 1952 Castrorum
1613 1911 1873 1967 Reginorum
1919 1912 1991 1953 nd-

303 1984 493 2025 iumento
526 1983 695 2024 additus
730 1998 833 2024 sum.
900 1982 1100 2024 Calendis
1120 1983 1242 2024 Maiis
1275 1984 1370 2024 anni
1391 1982 1796 2038 duodenonagesimi
1816 1983 1992 2038 gradum

299 2055 487 2109 magistri
522 2054 757 2096 studiorum
793 2060 1046 2095 consecutus
1081 2062 1121 2095 et
1155 2061 1358 2095 autumno
1392 2055 1483 2095 eius
1516 2055 1612 2095 anni
1651 2053 1919 2109 Burghusum
1954 2056 1992 2096 in

297 2125 502 2182 oppidum
536 2125 588 2167 nil
627 2126 790 2167 lvnrum
826 2126 998 2166 fluvium
1033 2127 1158 2166 situm
1193 2125 1412 2166 traductus
1446 2139 1548 2166 sum.
1619 2125 1679 2166 Ibi
1716 2126 1808 2181 plus
1842 2140 1992 2167 novem

299 2211 432 2238 annos
467 2198 609 2253 pueris
643 2197 835 2238 ordinum
870 2197 1103 2238 mediorum
1132 2196 1404 2238 instituendis
1428 2197 1682 2252 consumpsi.
1749 2197 1873 2238 Initio
1897 2198 1992 2238 anni

303 2267 699 2310 MDCCCXCVIH
734 2268 786 2310 nd
819 2270 1084 2324 gymnasium
1119 2268 1396 2322 Frisingensc
1449 2276 1491 2309 ut
1548 2267 1805 2319 traducerer,
1856 2270 1992 2324 gratia

304 2340 505 2396 principis
540 2341 669 2381 nostri
705 2341 929 2395 impetravi
965 2348 1004 2381 et
1040 2347 1127 2381 tum
1162 2340 1330 2381 demum
1381 2341 1510 2380 otium
1545 2346 1792 2395 exoptatum
1844 2347 1993 2381 nactus

296 2426 400 2463 sum,
432 2425 509 2468 per
541 2411 653 2468 quod
689 2411 788 2453 mihi
823 2412 952 2462 licuit,
985 2419 1029 2452 ut
1063 2412 1249 2453 doctoris
1277 2410 1572 2467 philosophiae
1614 2410 1791 2464 gradum
1833 2410 1991 2466 adipis·

296 2496 430 2535 cerer,
463 2497 637 2539 operam
658 2483 915 2539 impendere.
985 2483 1216 2539 Postquam
1251 2497 1348 2524 curn
1383 2496 1476 2523 men
1509 2482 1770 2537 amplissimo
1805 2481 1990 2537 philoso-

297 2553 472 2609 phorum
506 2554 640 2596 ordini
677 2554 855 2611 prohntn
890 2560 967 2605 cst,
1013 2568 1192 2595 cxmncn
1247 2555 1482 2609 rigorosum
1536 2552 1674 2609 pridic
1723 2552 1830 2594 Non.
1868 2552 1989 2595 Mart.

295 2624 473 2668 absolvi.
