2221 3481
1059 261 1108 300 19

377 401 463 444 Sed
499 402 674 444 Tacitus
708 403 812 443 fines
845 407 1049 456 angustos
1085 401 1207 442 huius
1243 401 1607 456 breviloquentiae
1646 413 1669 439 a
1719 398 1929 454 prioribus

230 474 578 530 circumscriptos
598 473 727 515 multo
749 472 962 524 dilatavit3
988 487 1123 527 neque
1149 473 1259 513 enim
1279 473 1412 512 solum
1436 470 1548 527 apud
1573 470 1776 511 adverbia
1801 470 1933 521 hinc,

229 544 360 595 inde,
398 559 421 587 u
438 545 498 587 nd
514 560 556 595 e,
579 544 836 601 undique,
858 544 1151 599 utrimque,
1177 558 1284 598 quae
1306 551 1463 584 motum
1482 550 1609 599 atque
1629 543 1835 596 originem
1856 542 1929 582 ali·

232 616 368 658 eunde
410 616 609 667 iudicant,
640 616 716 657 sed
751 616 879 656 etiam
912 614 1023 671 apud
1059 629 1131 655 eas
1167 614 1407 670 particulas,
1439 627 1547 668 quae
1582 614 1771 670 quietem
1819 613 1927 654 intra

230 687 367 729 locum
401 687 588 744 aliquem
623 686 862 742 designant,
895 686 1009 727 velut
1055 685 1148 736 ibi,
1182 686 1298 734 ubi,
1333 685 1556 739 ubique,
1611 684 1720 736 hic,
1773 683 1934 736 alibi,

229 759 463 815 passim,
497 760 667 809 iuxta,
701 758 865 814 palam
901 764 941 799 et
976 757 1085 813 apud
1108 757 1315 798 dictiones
1350 755 1746 812 praepositionales‚
1780 754 1932 811 quibus

234 838 414 886 cognata
448 830 699 885 significatio
724 832 845 880 inest,
865 830 903 870 in
926 828 1065 870 vivida
1095 829 1160 869 vel
1180 830 1308 869 vitata
1328 828 1569 868 narratione
1590 833 1663 867 aut
1697 827 1736 867 in
1762 826 1933 867 concisa

232 900 518 957 descriptione
542 901 717 942 verbum
741 901 894 942 omisit.
961 900 1183 941 Accedunt
1219 914 1268 941 ea
1293 899 1510 950 adverbia,
1528 913 1635 953 quae
1662 911 1933 953 progressum

231 974 410 1015 actionis
446 973 641 1025 inferunt,
673 987 798 1029 quam
834 973 916 1013 vim
953 972 1183 1027 particulae
1220 970 1340 1012 inde
1383 979 1425 1011 et
1474 971 1551 1025 ipsi
1590 970 1801 1025 propriam
1836 983 1931 1009 esse

229 1052 409 1097 constat,
442 1045 579 1100 qualia
603 1052 719 1085 sunt:
756 1046 876 1094 iam,
910 1052 1034 1093 tum,
1068 1042 1289 1092 exinde,
1322 1041 1544 1092 dehinc,
1577 1041 1752 1092 simul,
1786 1048 1935 1091 tunc,

229 1131 367 1167 mox,
402 1117 550 1158 exim.
616 1117 757 1171 Atque
798 1117 924 1156 etiam
975 1116 1064 1156 sine
1100 1114 1179 1155 ulla
1227 1110 1433 1169 particula
1469 1113 1726 1153 nominativo
1765 1118 1927 1153 tautum

229 1187 442 1239 absoluto,
474 1189 542 1243 qui
577 1202 601 1228 a
639 1187 926 1242 grammaticis
981 1192 1166 1234 vocatur,
1200 1199 1353 1226 novum
1388 1184 1621 1225 membrum
1677 1180 1928 1225 narrationis

236 1259 302 1300 vel
336 1259 634 1315 descriptionis
668 1258 780 1300 haud
806 1273 899 1299 raro
924 1258 1112 1299 breviter
1133 1257 1405 1313 significatur,
1439 1255 1490 1296 ad
1526 1254 1638 1311 quod
1672 1269 1821 1296 munus
1855 1268 1927 1295 ex·

237 1330 436 1387 pleaduni
471 1331 636 1372 nomina
672 1330 861 1372 verbalia
896 1331 935 1371 in
971 1330 1018 1371 io
1053 1329 1119 1370 vel
1174 1343 1231 1369 us
1287 1327 1526 1369 desinentia
1582 1326 1802 1382 aptissima
1835 1340 1930 1366 esse

238 1402 361 1444 facile
396 1402 721 1458 cognoscitm·*).

374 1473 461 1515 Iam
495 1473 547 1515 ad
582 1474 763 1529 exenpla
797 1480 1085 1514 transeamus:

379 1548 409 1586 1.
446 1545 733 1587 Usitatissima
768 1553 831 1585 est
867 1545 1027 1599 ellipsis
1078 1543 1195 1584 verbi
1231 1541 1395 1583 oriundi
1429 1541 1543 1597 apud
1598 1540 1803 1581 adverbia
1837 1554 1930 1595 pro-

233 1617 459 1658 nominalia
495 1616 642 1667 hinc,
676 1616 812 1667 inde,
845 1615 978 1657 unde
1032 1615 1283 1670 similiaque,
1331 1613 1484 1669 quibus
1518 1627 1612 1653 cum
1647 1611 1837 1667 emphasi
1893 1612 1930 1651 in

233 1689 352 1730 initio
385 1695 456 1729 aut
492 1696 587 1744 post
643 1689 818 1744 primam
873 1701 1018 1728 vocem
1053 1687 1257 1727 enuntiati
1296 1685 1444 1740 positis
1481 1684 1654 1725 verbum
1689 1683 1790 1723 satis
1825 1681 1930 1723 indi-

234 1767 353 1801 cetur
433 1759 526 1801 1100
559 1773 694 1815 genus
730 1760 918 1800 breviter
952 1758 1117 1799 dicendi
1155 1763 1240 1798 tum
1285 1757 1466 1797 maxime
1510 1756 1676 1809 legitur,
1729 1768 1823 1794 cum
1877 1753 1930 1793 de

233 1832 397 1884 origine
432 1832 609 1872 alicuius
643 1831 886 1872 affectionis
919 1830 1046 1870 animi
1082 1828 1336 1884 proferenda
1371 1828 1520 1882 agitur,
1569 1826 1609 1867 id
1662 1824 1771 1880 quod
1820 1823 1931 1880 apud

231 1902 439 1953 Tacitum,
488 1903 807 1957 sagasissimum
860 1901 971 1942 illum
1023 1901 1315 1956 inquisitorem
1371 1899 1555 1954 pectoris
1608 1897 1792 1947 humani,
1838 1909 1931 1936 sae·

231 1974 405 2030 pissime
439 1973 606 2014 accidit.

375 2044 438 2085 Ex
475 2045 675 2099 Agricola
708 2051 749 2085 et
785 2044 1016 2085 Germania
1050 2042 1128 2084 huc
1164 2043 1377 2097 pertinent
1411 2040 1452 2081 hi
1488 2040 1588 2081 loci:
1639 2040 1677 2080 A
1711 2040 1791 2079 21:
1833 2037 1930 2079 inde

230 2117 358 2157 etiam
393 2116 561 2157 habitus
595 2117 724 2157 nostri
761 2115 915 2166 honor;
966 2114 1002 2153 G
1037 2117 1084 2155 ⁴:
1135 2112 1246 2154 unde
1282 2112 1453 2153 habitus
1501 2125 1669 2166 quoque
1704 2124 1926 2165 corporum

232 2188 364 2234 idem:
398 2190 475 2228 40:
508 2202 684 2229 arcanus
719 2187 814 2228 hinc
850 2192 988 2228 terror
1020 2192 1254 2240 sanctaque
1289 2183 1537 2237 ignorantia.

372 2258 418 2300 In
438 2259 770 2313 interrogatione
790 2258 959 2313 obliqua
980 2256 1272 2298 subiunctivus
1298 2269 1332 2295 ν.
1357 2270 1374 2293 s
1411 2252 1673 2308 supplendus
1714 2259 1778 2292 est
1822 2251 1859 2292 G
1880 2255 1929 2292 9:

230 2330 342 2371 unde
363 2345 488 2371 causa
508 2337 549 2371 et
568 2331 686 2385 origo
704 2330 927 2385 peregrino
941 2342 1074 2377 sacro,
1095 2341 1240 2383 parum
1274 2325 1472 2380 comperi.
1528 2324 1572 2364 ln
1593 2324 1685 2364 aliis
1700 2324 1931 2364 enuntiatis

231 2401 492 2442 secundariis
514 2401 688 2442 verbum
705 2402 905 2441 omissum
926 2407 1012 2440 cst:
1044 2400 1170 2438 (31:39:
1198 2406 1412 2452 tamquam
1434 2395 1529 2436 inde
1551 2395 1669 2435 initia
1692 2395 1846 2449 gentis,
1870 2395 1927 2436 ibi

231 2480 428 2528 regnator
441 2473 624 2513 omnium
639 2471 743 2513 deus
758 2487 766 2524 3
782 2471 891 2512 045:
907 2485 988 2527 quo
1003 2472 1112 2524 cingi
1124 2468 1319 2523 cludique
1333 2474 1539 2507 terrarum
1550 2464 1696 2505 orbem
1706 2464 1800 2505 hinc
1811 2465 1928 2506 fides.

230 2579 292 2617 lv,
320 2582 380 2611 133:
411 2578 562 2620 „caedes
591 2579 682 2615 inde.
713 2590 779 2610 non
810 2578 1002 2621 prm-liam*
1033 2584 1085 2609 est
1115 2574 1377 2618 comparandus
1444 2572 1522 2605 Uno
1551 2572 1628 2604 loen
1656 2573 1774 2603 Germ.
1805 2572 1843 2604 7:
1874 2578 1930 2612 „et

230 2628 264 2659 iu
293 2627 452 2671 proximo
480 2627 641 2670 pignora,
670 2626 756 2659 und«
795 2626 1005 2658 feminarum
1036 2624 1194 2656 ululatus
1222 2621 1351 2657 aiialiri,
1394 2618 1488 2652 unde
1529 2620 1671 2663 vagitus
1716 2619 1927 2651 infantium·-

228 2674 376 2707 Tacitus
404 2673 616 2707 infiuitivum
646 2674 853 2706 historicum
883 2680 961 2715 post
990 2672 1198 2703 adverbium
1229 2680 1247 2700 u
1265 2669 1349 2700 nd·-
1378 2667 1552 2699 audaeius
1580 2667 1766 2708 usurpavit
1788 2676 1927 2699 vorsum

231 2721 479 2766 Vergilianum
507 2722 629 2760 &5572
660 2722 764 2760 „hinc
793 2720 956 2753 axaudiri
986 2720 1138 2758 manitus
1167 2725 1198 2748 vt
1228 2727 1336 2748 saeva
1356 2725 1484 2746 sonare
1506 2713 1689 2751 v··rbera⁴·‚
1719 2719 1755 2746 ut
1776 2713 1931 2752 videtur,

227 2779 307 2801 eum
335 2769 531 2801 mutatione
559 2769 683 2811 aliqua
712 2769 882 2800 imitatus.
937 2766 1040 2809 Apu-l
1074 2765 1271 2806 Vergilium
1299 2769 1331 2795 et
1362 2763 1477 2804 ipsum
1507 2762 1540 2793 iu
1563 2761 1811 2794 enuntiatione
1832 2761 1924 2793 rela-

229 2817 302 2849 tiva
330 2815 525 2848 infinitivus
554 2817 744 2848 historicus
773 2816 879 2847 semel
907 2817 1046 2850 11:222:
1078 2815 1231 2848 ..Αιϊιιιιι
1251 2810 1470 2853 adloquitur,
1500 2809 1568 2841 fida
1596 2814 1679 2840 ante
1708 2808 1801 2840 alias
1830 2819 1930 2851 quae

227 2864 304 2896 nola
332 2863 516 2899 Camillae.
545 2864 696 2902 Quicum
725 2863 848 2906 partiri
877 2867 1006 2893 ‹··iriu“⁸
1035 2862 1177 2901 legitur.

372 2910 405 2946 ⁸)
432 2910 485 2942 Cf.
515 2910 671 2951 Maus-igi
701 2911 972 2953 grammaticam
1004 2909 1166 2940 laninam
1196 2907 1214 2945 ς’
1250 2905 1308 2937 Ηῗ
1337 2904 1370 2936 d.
1401 2905 1444 2935 A.
1469 2906 1506 2935 2:
1533 2903 1746 2940 ..nium-ileu
1776 2903 1870 2935 steht
1891 2903 1925 2935 iu

230 2957 550 2990 sorischreitendor
578 2957 675 2990 Reae
703 2959 759 2989 eiu
792 2956 996 2989 Nominativ
1026 2957 1087 2987 mit
1118 2955 1347 2996 Auslassung
1374 2951 1478 2983 eines
1509 2950 1636 2984 vorin.
1667 2950 1819 2982 welches
1864 2960 1925 2993 ge-

229 3005 399 3043 scirem-n.
426 3005 614 3038 eintreffeu
636 3015 668 3036 u.
697 3018 723 3037 s.
753 3016 792 3036 w.
822 3004 1039 3038 bezeichnet,
1072 3013 1127 3034 um
1156 3002 1259 3033 einen
1290 3009 1404 3031 neuen
1437 2998 1564 3033 l'unkt.
1592 3007 1648 3029 ein
1678 3008 1787 3030 nones
1815 2997 1922 3029 (nied

230 3051 294 3085 der
319 3051 528 3097 Erzikhlung
556 3052 643 3085 kurz
671 3051 929 3085 uazudeuteii.“

1646 3113 1687 3148 20
