2221 3481
1099 184 1126 223 8

260 329 420 384 passivi
456 327 606 382 copula
638 326 736 367 addi
769 340 850 367 non
885 325 1005 367 solet.
1071 323 1198 366 Haud
1233 338 1324 364 raro
1365 328 1454 364 tum
1506 324 1742 378 participiis
1775 323 1958 364 immixti

259 400 505 442 nominativi
541 398 722 439 absoluti
757 398 1039 448 inveniuntur,
1095 397 1246 451 quibus
1299 396 1480 449 scriptor
1533 409 1599 435 res
1657 396 1776 450 quasi
1827 394 1961 449 digito

261 471 523 512 demonstrat
556 483 605 510 ac
638 469 732 510 stilo
767 468 995 509 festinante
1031 468 1225 522 designat
1259 467 1391 521 magis
1442 481 1566 521 quam
1601 467 1823 521 eloquitur.
1891 465 1957 506 De

259 543 324 583 his
358 541 506 582 videas
539 540 659 582 infra.

407 613 445 654 A
479 616 521 654 5:
556 611 755 653 trucidati
777 611 982 663 veterani,
1017 611 1215 650 incensae
1244 609 1448 659 coloniae,
1481 608 1705 662 intersepti
1730 607 1962 660 exercitus;

265 686 302 726 A
341 685 411 725 13:
446 684 630 725 domitae
665 687 828 737 gentes,
861 683 973 737 capti
997 695 1134 737 reges,
1167 686 1209 721 et
1234 684 1491 721 monstratus
1516 680 1613 720 fatis
1641 679 1962 734 Vespasianus3

262 757 300 797 A
338 757 411 796 17:
445 755 522 797 sed
555 769 649 796 cum
682 759 825 795 cetero
860 753 962 794 orbe
995 753 1290 808 Vespasianus
1325 757 1367 792 et
1390 739 1653 791 Britanniam
1679 750 1964 805 recuperavit,

261 826 403 882 magni
436 825 578 877 duces,
611 825 772 880 egregii
807 824 1036 875 exercitus,
1068 824 1230 864 minuta
1262 822 1447 863 hostium
1481 836 1600 877 spes;
1647 822 1685 862 A
1718 822 1797 861 41:
1837 827 1880 861 et
1912 834 1963 861 ea

262 899 456 938 insecuta
487 901 583 937 sunt
616 895 876 951 reipublicae
909 900 1116 949 tempora,
1163 908 1271 949 quae
1305 894 1419 934 sileri
1455 894 1698 948 Agricolam
1734 907 1817 934 non
1849 893 1960 933 sine-

266 973 381 1009 rent:
437 972 500 1009 tot
533 968 748 1016 exercitus
783 967 942 1018 amissi,
993 971 1055 1007 tot
1087 966 1291 1006 militares
1325 966 1401 1005 viri
1437 965 1667 1019 expugnati
1723 971 1765 1005 et
1819 963 1955 1018 capti:

269 1040 302 1092 I,
335 1042 383 1080 2:
419 1047 597 1094 quatuor
630 1039 843 1093 principes
877 1037 988 1078 ferro
1024 1038 1286 1091 interempti:
1338 1037 1448 1076 trina
1498 1036 1608 1076 bella
1642 1036 1793 1086 civilia,
1841 1035 1962 1090 plura

267 1116 444 1152 externa
478 1124 524 1150 ac
562 1110 806 1164 plerumque
842 1109 1073 1168 permixta3
1118 1121 1348 1163 prosperae
1385 1108 1424 1147 in
1459 1106 1648 1158 Oriente,
1682 1106 1890 1147 adversae
1925 1106 1965 1146 in

273 1182 508 1223 Occidente
543 1195 623 1222 res.
658 1180 873 1220 turbatum
925 1180 1152 1234 Illyricum;
1208 1178 1397 1219 Gallicae
1448 1184 1667 1226 nutantes3
1721 1176 1967 1232 perdomita

273 1254 515 1294 Britanniae
550 1263 590 1293 et
625 1252 767 1292 statim
801 1252 947 1298 missa;
983 1255 1152 1291 coortae
1188 1251 1225 1289 in
1251 1264 1325 1289 nos
1351 1248 1638 1289 Sarmatorum
1664 1261 1711 1288 ac
1732 1247 1967 1288 Suevorum

266 1331 437 1380 gentes:
473 1324 718 1365 nobilitatus
753 1322 945 1363 cladibus
980 1322 1133 1362 mutuis
1170 1321 1332 1366 Dacus:
1369 1322 1454 1370 23:
1493 1320 1655 1360 occisso
1680 1319 1859 1359 Artaxia
1892 1332 1968 1373 per

267 1397 407 1437 dolum
440 1396 771 1451 propinquorum
805 1394 926 1434 datus
960 1407 994 1433 'a
1031 1392 1217 1433 Caesare
1256 1391 1466 1432 Armeniis
1491 1390 1700 1445 Tigranes
1735 1389 1964 1430 deductus-

268 1481 348 1522 que
382 1468 420 1507 in
455 1480 632 1521 regnum
664 1480 687 1506 a
721 1465 894 1506 Tiberio
918 1464 1106 1514 Neron&
1144 1466 1229 1510 *2,4ῑ
1267 1462 1364 1502 (lein
1387 1463 1501 1502 iussu
1530 1462 1712 1516 Augusti
1738 1461 1963 1515 impositus

270 1538 527 1579 Artavasdes
563 1543 605 1578 et
624 1552 704 1579 non
725 1538 814 1577 sine
835 1536 954 1577 clade
980 1542 1121 1577 nostra
1146 1534 1355 1582 deiectus3
1391 1533 1509 1582 ,θῇ-ης
1545 1533 1764 1587 creatique
1796 1531 1966 1572 decem-

268 1611 345 1650 viri
379 1616 420 1650 et
454 1610 712 1664 compositae
747 1608 970 1649 duodecim
1019 1606 1190 1647 tabulae
1228 1640 1233 1645 .
1272 1639 1277 1645 .
1315 1638 1320 1643 .
1358 1640 1363 1644 .
1401 1605 1586 1658 corrupti
1621 1618 1696 1658 spe
1731 1610 1803 1644 aut
1837 1603 1963 1644 inlusi

272 1696 346 1736 per
379 1681 730 1721 intercessionem
764 1680 881 1723 socii:
935 1680 1098 1733 iamque
1134 1692 1213 1717 non
1250 1675 1373 1716 modo
1424 1677 1461 1715 in
1513 1689 1747 1725 commune,
1799 1674 1875 1715 sed
1927 1675 1966 1715 in

274 1753 460 1807 singulos
494 1752 684 1792 homines
718 1751 829 1791 latae
864 1751 1147 1803 quaestiones,
1181 1757 1221 1789 et
1257 1747 1573 1801 corruptissima
1620 1746 1837 1801 republica
1874 1746 1968 1800 plu-

274 1825 405 1864 rimae
439 1824 580 1878 leges;
620 1824 760 1873 11,22:
796 1823 1010 1876 creatique
1045 1822 1224 1876 primum
1261 1819 1454 1859 Valerius
1486 1817 1652 1858 Potitus
1688 1823 1730 1858 et
1764 1817 1970 1858 Aemilius

277 1895 517 1935 Mamercus
563 1930 567 1935 .
607 1928 613 1934 .
650 1927 656 1933 .
692 1893 788 1934 dein
824 1893 905 1934 duo
939 1892 1071 1933 additi
1108 1927 1113 1932 .
1154 1928 1157 1931 .
1198 1927 1202 1931 .
1239 1904 1337 1931 mox
1371 1889 1607 1944 duplicatus
1641 1903 1839 1929 numerus
1873 1922 1880 1930 .
1916 1922 1924 1931 .
1962 1924 1968 1931 .

277 1972 373 2021 post
405 1967 556 2021 viginti
591 1966 733 2006 creati.

417 2040 452 2078 6.
516 2037 777 2092 Saepissime
811 2035 992 2090 denique
1042 2045 1234 2075 neutrum
1268 2046 1401 2087 genus
1435 2032 1753 2086 participiorum
1790 2031 1973 2086 perfecti

279 2134 326 2138 -
365 2123 440 2150 nec.
478 2109 706 2164 quidquam
747 2108 891 2154 refert,
926 2107 977 2147 de
1005 2121 1085 2161 qua
1126 2119 1170 2145 rc
1191 2113 1339 2159 agatur
1366 2128 1402 2131 —-
1442 2117 1534 2143 cum
1553 2103 1761 2157 gravitate
1781 2102 1976 2158 quadam,

276 2182 464 2236 inprimis
519 2195 611 2220 cum
665 2180 1004 2234 impersonaliter
1056 2183 1296 2231 usurpatur,
1351 2176 1391 2215 in
1440 2174 1633 2215 omnibus
1683 2173 1820 2214 Taciti
1856 2174 1974 2215 libris

278 2253 487 2292 historicis
521 2253 611 2292 sine
646 2251 796 2306 copula
832 2251 967 2303 posita
1003 2247 1120 2299 estfi,
1190 2247 1276 2287 lam
1311 2246 1425 2301 apud
1450 2245 1694 2286 Sallustium
1730 2255 1771 2286 et
1803 2245 1974 2286 Livium

278 2323 389 2364 haud
438 2337 573 2378 pauca
627 2322 823 2376 exempla
875 2322 998 2362 huius
1047 2319 1285 2361 omissionis
1320 2317 1629 2372 deprehendas.
1697 2317 1773 2357 Ille
1807 2316 1977 2373 quidem

278 2395 405 2435 etiam
439 2395 479 2434 in
513 2394 743 2434 enuntiatis
790 2392 1051 2433 secundariis
1086 2404 1180 2431 eam
1226 2387 1476 2438 admisit**).
1544 2387 1676 2429 Multo
1710 2388 1831 2442 plura
1862 2387 1977 2443 apud

279 2471 428 2520 poetas
461 2465 660 2520 leguntur
693 2465 828 2517 (Plew
861 2479 900 2518 p,
940 2463 1028 2517 ἶφι),
1061 2461 1174 2517 apud
1199 2460 1390 2500 Tacitum
1425 2473 1525 2499 vero
1561 2472 1609 2499 ea
1645 2459 1805 2514 ellipsis
1839 2472 1976 2514 paene

282 2538 320 2577 in
357 2536 705 2578 consuetudinem
753 2535 965 2576 assiduam
1001 2548 1045 2575 se
1079 2533 1207 2573 vertit
1257 2538 1297 2571 et
1337 2545 1431 2571 rara
1466 2536 1562 2570 sunt
1596 2531 1794 2585 exempla
1826 2531 1975 2585 positi-

283 2608 386 2657 onis,
420 2621 526 2662 quae
562 2608 763 2662 pleraque
799 2607 927 2646 autin
963 2604 1223 2647 orationibus
1243 2613 1314 2643 aut
1348 2603 1387 2642 in
1422 2601 1728 2656 posterioribus
1762 2602 1975 2642 annalium

282 2679 399 2719 libris
419 2679 699 2719 inveniuntur.
738 2677 805 2718 Sic
825 2677 976 2732 copula
995 2681 1139 2717 carent
1162 2676 1203 2714 in
1228 2674 1427 2728 Agricola
1447 2673 1692 2727 participia:
1715 2679 1978 2727 compertum

426 2832 458 2871 *)
488 2832 660 2865 Similiter
687 2833 815 2865 Gracci
856 2838 1020 2864 nentrum
1055 2830 1311 2863 adicctivorum
1354 2827 1551 2860 verbalium
1595 2828 1628 2859 in
1658 2827 1737 2859 τέον
1772 2827 1979 2860 cadentium

284 2881 360 2912 sine
390 2880 496 2912 verbo
523 2891 697 2922 usurp-ire
726 2880 850 2911 solent.
904 2879 953 2911 Cf.
989 2879 1192 2915 Buttmann,
1221 2876 1280 2908 Gr.
1311 2874 1533 2906 Grammatik
1561 2873 1581 2915 ξ
1612 2876 1737 2915 12831)
1763 2876 1805 2907 A.
1838 2876 1888 2907 18.

428 2926 482 2968 **)
512 2927 563 2960 Cf.
592 2927 633 2959 de
662 2928 692 2959 b.
721 2927 800 2970 Iug.
830 2928 891 2958 75:
922 2926 980 2958 ubi
1009 2926 1054 2958 ad
1082 2925 1116 2957 id
1134 2925 1201 2957 loci
1227 2930 1385 2963 ventum;
1412 2922 1531 2954 ubiea
1551 2922 1759 2964 impetrata:
1787 2924 1850 2955 91:
1878 2926 1977 2965 post-

289 2985 395 3018 quam
422 2980 562 3017 tempus
587 2975 720 3014 visum3
748 2974 824 3007 Cat.
853 2976 916 3005 28:
946 2974 1051 3006 sicuti
1067 2973 1271 3005 salutatum.
